@online{esjoins,
	AUTHOR 	= {Elasticsearch Reference},
	TITLE 	= {Joining queries},
	YEAR 	= 2021,
	URL 	= {https://www.elastic.co/guide/en/elasticsearch/reference/current/joining-queries.html#joining-queries},
	URLDATE = {2021-03-23}
}

@BOOK{esDgFlatEarth,
	AUTHOR 		= {Gormley, Clinton AND Tong, Zachary},
	YEAR		= {2015},
	TITLE 		= {Elasticsearch: The Definitive Guide - A Distributed Real-Time Search and Analytics Engine},
	EDITION 	= {},
	ISBN 		= {978-1-449-35852-5},
	PUBLISHER	= {"O'Reilly Media, Inc."},
	CHAPTER   	= 40,
	PAGES     	= "545",
	ADDRESS 	= {Sebastopol},
}

@BOOK{esDgNestedObjects,
	AUTHOR 		= {Gormley, Clinton AND Tong, Zachary},
	YEAR		= {2015},
	TITLE 		= {Elasticsearch: The Definitive Guide - A Distributed Real-Time Search and Analytics Engine},
	EDITION 	= {},
	ISBN 		= {978-1-449-35852-5},
	PUBLISHER	= {"O'Reilly Media, Inc."},
	CHAPTER   	= 41,
	PAGES     	= "561-570",
	ADDRESS 	= {Sebastopol},
}

@BOOK{esDgParent-Child-Relationship,
	AUTHOR 		= {Gormley, Clinton AND Tong, Zachary},
	YEAR		= {2015},
	TITLE 		= {Elasticsearch: The Definitive Guide - A Distributed Real-Time Search and Analytics Engine},
	EDITION 	= {},
	ISBN 		= {978-1-449-35852-5},
	PUBLISHER	= {"O'Reilly Media, Inc."},
	CHAPTER   	= 42,
	PAGES     	= "571-581",
	ADDRESS 	= {Sebastopol},
}

